<record><leader>00000cas a22000007a 4500</leader><controlfield tag="001">13201534</controlfield><controlfield tag="008">860226c19509999wvuwr ne      0    0eng d</controlfield><datafield ind1=" " ind2=" " tag="010"><subfield code="a">sn 86092294 </subfield></datafield><datafield ind1=" " ind2=" " tag="040"><subfield code="a">WVC</subfield><subfield code="b">eng</subfield><subfield code="c">WVC</subfield><subfield code="d">OCL</subfield><subfield code="d">OCLCQ</subfield></datafield><datafield ind1=" " ind2=" " tag="042"><subfield code="a">msc</subfield></datafield><datafield ind1="0" ind2="0" tag="245"><subfield code="a">Ritchie gazette and the Cairo standard.</subfield></datafield><datafield ind1=" " ind2=" " tag="260"><subfield code="a">Harrisville, W. Va. :</subfield><subfield code="b">Aubrey E. Ferguson,</subfield><subfield code="c">1950-</subfield></datafield><datafield ind1=" " ind2=" " tag="300"><subfield code="a">v.</subfield></datafield><datafield ind1=" " ind2=" " tag="310"><subfield code="a">Weekly</subfield></datafield><datafield ind1="0" ind2=" " tag="362"><subfield code="a">Vol. 54 (Jan. 5, 1950)-</subfield></datafield><datafield ind1=" " ind2=" " tag="500"><subfield code="a">"Republican."</subfield></datafield><datafield ind1=" " ind2=" " tag="500"><subfield code="a">Publishers: Aubrey E. &amp; Alma Hess Ferguson, 1950-1974; David A. &amp; Deloras J. Smith, 1974-</subfield></datafield><datafield ind1=" " ind2=" " tag="515"><subfield code="a">Continues numbering of: Gazette (Harrisville, W. Va.).</subfield></datafield><datafield ind1=" " ind2=" " tag="515"><subfield code="a">Jan. 5, 1950 issue numbered "Vol. 54"; Jan. 12, 1950 issue is v. 76, no. 26.</subfield></datafield><datafield ind1=" " ind2=" " tag="752"><subfield code="a">United States</subfield><subfield code="b">West Virginia</subfield><subfield code="c">Ritchie</subfield><subfield code="d">Harrisville.</subfield></datafield><datafield ind1="0" ind2="4" tag="780"><subfield code="t">Gazette (Harrisville, W. Va.)</subfield><subfield code="w">(DLC)sn 86092291</subfield></datafield><datafield ind1="0" ind2="4" tag="780"><subfield code="t">Cairo standard</subfield><subfield code="w">(DLC)sn 86092293</subfield></datafield></record>